
@misc{bugscovid,
    title={An Exploratory Characterization of Bugs in COVID-19 Software Projects},
    author={Akond Rahman and Effat Farhana},
    year={2020},
    eprint={2006.00586},
    archivePrefix={arXiv},
    venue={arXiv},
    primaryClass={cs.SE}
}
